:20:NEH2610710857245
:25:35880439518
:28C:813/4
:60F:C621565NYC164164460,22
:61:6905266557C70573652,60NSZO5943595859829454//OSL 65941801664
/QCOF/NLH10146181,94/
:86:/PBPP/4178851486
/AODD/SMVNDINKRISDR TNSKIRDZ PENCUN NV EQ
/CIFI/NK0629667348 902179570908
:61:1245816446C077546,84NCQN7837443764699683//LSY 53739353469
/NCFI/NBT834528,00/
:86:/WDVY/55440596
/UQDR/SOCNDINSDISVN YNSEIFDM SVNOCN WQ HL
/KBNI/NR0067976592 596662321069
:61:1699972001C44026,67NCZN3579283273283550//XSU 22314881287
/VCYW/NQG42085,51/
:86:/TDPP/61825885
/BQDI/SGTNDINTTISKU DNSTIADA FUNDBN FC EM
/WUGI/NI8912466547 262853425828
:61:5765744197C5765350,NCON7523179665327586//BSO 18805414688
/CCJN/NIE0973962,/
:86:/HZDJ/19271140
/SGDB/SNPNDINXWISAQ INSZIODO TLNTXN IP DN
/XERI/NM6963804891 744357604743
:62F:C923389NZQ671349077,
:64:C368615NBJ263258349,